% This file was created with JabRef 2.6.
% Encoding: Cp1252
@inproceedings{usability,
  title={Usability evaluation with the cognitive walkthrough},
  author={Rieman, John and Franzke, Marita and Redmiles, David},
  booktitle={Conference companion on Human factors in computing systems},
  pages={387--388},
  year={1995},
  organization={ACM}
}


@online{apple,
  author = {Apple},
  title = {Apple's iOS Human Interface Guidelines: developer.apple.com/library/ios/documentation/UserExperience/Conceptual/MobileHIG},
  year = 2015,
  url = {https://developer.apple.com/library/ios/documentation/UserExperience/Conceptual/MobileHIG/},
  urldate = {2015-12-01}
}

@article{garris,
  title={Games, motivation, and learning: A research and practice model},
  author={Garris, Rosemary and Ahlers, Robert and Driskell, James E},
  journal={Simulation \& gaming},
  volume={33},
  number={4},
  pages={441--467},
  year={2002},
  publisher={Sage Publications}
}


@article{mobile,
  title={Mobile medical and health apps: state of the art, concerns, regulatory control and certification},
  author={Boulos, Maged N Kamel and Brewer, Ann C and Karimkhani, Chante and Buller, David B and Dellavalle, Robert P},
  journal={Online journal of public health informatics},
  volume={5},
  number={3},
  pages={229},
  year={2014},
  publisher={University of Illinois at Chicago Library}
}


@article{bekkers,
  title={Prospective evaluation of psychosocial adaption to stoma surgery: the role of self-efficacy},
  author={Bekkers, MJTM and Van Knippenberg, FCE and Van Den Borne, HW and van Berge-Henegouwen, GP},
  journal={Psychosomatic medicine},
  volume={58},
  number={2},
  pages={183--191},
  year={1996},
  publisher={LWW}
}


@article{stuchfield,
  title={Stoma surgery in the older adult.},
  author={Stuchfield, B},
  journal={Elderly care},
  volume={11},
  number={10},
  pages={19},
  year={2000}
}


@article{oshea,
  title={Teaching the adult ostomy patient},
  author={O'Shea, Helen S},
  journal={Journal of Wound Ostomy \& Continence Nursing},
  volume={28},
  number={1},
  pages={47--54},
  year={2001},
  publisher={LWW}
}


@ARTICLE{Example,
  author = {Bergsteinsson, Jon Ingi and Hansen, Hans and Jensen, Jens},
  title = {Example Article},
  journal = {The Journal of Articles},
  year = {2010},
  volume = {4},
  pages = {45--48},
  number = {2},
  month = {December},
  owner = {JIB},
  timestamp = {2010.11.30}
}


@techreport{bladderregristry,
  title={UroLap - Annual Report 2014},
  author={UroLap},
  year={2015},
  institution={Dansk Urologisk Selskab},
  type={~},
}

@techreport{hollister,
  title={Managing your Urostomy},
  author={Hollister},
  year={2015},
  institution={Hollister Incorporated},
  type={~},
}

@techreport{uoaa,
  title={Urostomy Guide},
  author={Nancy Gutman},
  year={2011},
  institution={United Ostomy Associations of America},
  type={~},
}


@article{metcalf,
	title = {Stoma care: empowering patients through teaching practical skills},
	volume = {8},
	issn = {0966-0461},
	shorttitle = {Stoma care},
	doi = {10.12968/bjon.1999.8.9.6621},
	language = {eng},
	number = {9},
	journal = {British Journal of Nursing (Mark Allen Publishing)},
	author = {Metcalf, C.},
	month = may,
	year = {1999},
	pmid = {10711005},
	keywords = {Adaptation, Psychological, Clinical Competence, Humans, Ostomy, Patient Education as Topic, Power (Psychology), Self Care, Specialties, Nursing, Teaching},
	pages = {593--600}
}

@online{urostomy,
  author = {American Cancer Society},
  title = {Urostomy - A guide},
  year = 2014,
  url = {http://www.cancer.org/acs/groups/cid/documents/webcontent/002931-pdf.pdf},
  urldate = {2015-09-19}
}

@online{netdoktor,
  author = {Lisbeth Salling},
  title = {Urostomi},
  year = 2009,
  url = {http://www.netdoktor.dk/stomi/urostomi.htm},
  urldate = {2015-09-19}
}

@article{kristensen2013,
  title={The Urostomy Education Scale: a reliable and valid tool to evaluate urostomy self-care skills among cystectomy patients},
  author={Kristensen, Susanne Ammitzb{\o}ll and Laustsen, Sussie and Kiesbye, Berit and Jensen, Bente Thoft},
  journal={Journal of Wound Ostomy \& Continence Nursing},
  volume={40},
  number={6},
  pages={611--617},
  year={2013},
  publisher={LWW}
}

@article{connor,
author = {Gloria O'Connor},
title = {Teaching stoma-management skills: the importance of self-care},
journal = {British Journal of Nursing},
volume = {14},
number = {6},
pages = {320-324},
year = {2005},
doi = {10.12968/bjon.2005.14.6.17800},
    note ={PMID: 15902027},

URL = { 
        http://dx.doi.org/10.12968/bjon.2005.14.6.17800
    
},
eprint = { 
        http://dx.doi.org/10.12968/bjon.2005.14.6.17800
    
}

}

@article{piwonka,
title = "A multidimensional modeling of predictors influencing the adjustment to a colostomy ",
journal = "Journal of \{WOCN\} ",
volume = "26",
number = "6",
pages = "298 - 305",
year = "1999",
note = "",
issn = "1071-5754",
doi = "http://dx.doi.org/10.1016/S1071-5754(99)90065-7",
url = "http://www.sciencedirect.com/science/article/pii/S1071575499900657",
author = "M.AngÃ©lica Piwonka and JosÃ©Manuel Merino"
}

@mastersthesis{louise,
  author       = {Louise Kjaergaard Jensen}, 
  title        = {Et Speciale omhandlende Patientindvolvering konstrueret Paa Patienternes Praemisser},
  school       = {Aarhus University},
  year         = 2015,
  month        = 8
}

@article{forehand,
  title={Bloom's taxonomy},
  author={Forehand, Mary},
  journal={Emerging perspectives on learning, teaching, and technology},
  pages={41--47},
  year={2010}
}

@article{schmitz,
  title={Effects of mobile gaming patterns on learning outcomes: a literature review},
  author={Schmitz, Birgit and Klemke, Roland and Specht, Marcus},
  journal={International Journal of Technology Enhanced Learning},
  volume={4},
  number={5},
  pages={345--358},
  year={2012},
  publisher={Inderscience}
}


@article{white1997,
	title = {Psychological factors in postoperative adjustment to stoma surgery.},
	volume = {79},
	issn = {0035-8843},
	url = {http://www.ncbi.nlm.nih.gov/pmc/articles/PMC2502633/},
	number = {1},
	urldate = {2015-09-21},
	journal = {Annals of The Royal College of Surgeons of England},
	author = {White, C. A. and Hunt, J. C.},
	month = jan,
	year = {1997},
	pmid = {9038488},
	pmcid = {PMC2502633},
	pages = {3--7},
	file = {PubMed Central Full Text PDF:/Users/stephaniegitha/Library/Application Support/Firefox/Profiles/2jrematl.default-1432751473511/zotero/storage/FSSSKX7P/White and Hunt - 1997 - Psychological factors in postoperative adjustment .pdf:application/pdf}
}

@article{marquis2003,
  title={Quality of life in patients with stomas: the Montreux Study.},
  author={Marquis, Patrick and Marrel, Alexia and Jambon, Bernard},
  journal={Ostomy/wound management},
  volume={49},
  number={2},
  pages={48--55},
  year={2003}
}


@article{jensen_validation,
	title = {Validation of the urostomy education scale: the {European} experience},
	volume = {33},
	issn = {1053-816X},
	shorttitle = {Validation of the urostomy education scale},
	language = {eng},
	number = {5},
	journal = {Urologic Nursing},
	author = {Jensen, Bente Thoft and de Blok, W. and Kiesbye, Berit and Kristensen, Susanne A.},
	month = oct,
	year = {2013},
	pmid = {24354110},
	keywords = {Aged, Cystostomy, Education, Nursing, Continuing, Europe, Female, Humans, Male, Middle Aged, Patient Education as Topic, Psychometrics, Reproducibility of Results, Urinary Bladder Neoplasms},
	pages = {219--229}
}

@comment{jabref-meta: selector_publisher:}

@comment{jabref-meta: selector_author:}

@comment{jabref-meta: selector_journal:}

@comment{jabref-meta: selector_keywords:}

